@misc{Vision,
  title = {Apple Vision Framework},
  howpublished = {\url{http://web.archive.org/web/20080207010024/http://www.808multimedia.com/winnt/kernel.htm}},
  note = {Accessed: 2021-04-18}
}

@misc{ASLLetters,
  title = {ASL letters},
  howpublished = {\url{https://deafchildren.org/2019/06/free-asl-alphabet-chart/}},
  note = {Accessed: 2021-04-18}
}

@misc{COREMLTOOLS,
  title = {Core ML Tools},
  howpublished = {\url{https://github.com/apple/coremltools}},
  note = {Accessed: 2021-04-18}
}

@misc{COREML,
  title = {Core ML},
  howpublished = {\url{https://developer.apple.com/documentation/coreml}},
  note = {Accessed: 2021-04-18}
}

@misc{ASLALPHABET,
  title = {ASL Alphabet},
  howpublished = {\url{https://www.kaggle.com/grassknoted/asl-alphabet}},
  note = {Accessed: 2021-04-18}
}

@misc{ASLALPHABET2,
  title = {ASL Alphabet Test},
  howpublished = {\url{https://www.kaggle.com/danrasband/asl-alphabet-test}},
  note = {Accessed: 2021-04-18}
}

@misc{ASLALPHABET3,
  title = {ASL Fingerspelling Images (RGB & Depth)},
  howpublished = {\url{https://www.kaggle.com/mrgeislinger/asl-rgb-depth-fingerspelling-spelling-it-out}},
  note = {Accessed: 2021-04-18}
}

@misc{ASLALPHABET4,
  title = {Significant (ASL) Sign Language Alphabet Dataset},
  howpublished = {\url{https://www.kaggle.com/kuzivakwashe/significant-asl-sign-language-alphabet-dataset}},
  note = {Accessed: 2021-04-18}
}

@misc{ASLALPHABET5,
  title = {ASL Sign Language Alphabet Pictures [Minus J, Z]},
  howpublished = {\url{https://www.kaggle.com/signnteam/asl-sign-language-pictures-minus-j-z}},
  note = {Accessed: 2021-04-18}
}

@misc{ASLALPHABET6,
  title = {American Sign Language Alphabet (Static)},
  howpublished = {\url{https://www.kaggle.com/jordiviader/american-sign-language-alphabet-static}},
  note = {Accessed: 2021-04-18}
}

@misc{pycharm,
  title = {IDE de Python para desarrolladores profesionales},
  howpublished = {\url{https://www.jetbrains.com/es-es/pycharm/}},
  note = {Accessed: 2021-04-18}
}

@misc{restframework,
  title = {Django REST framework is a powerful and flexible toolkit for building Web APIs.},
  howpublished = {\url{https://www.django-rest-framework.org/}},
  note = {Accessed: 2021-04-18}
}

@misc{handposerequest,
  title = {A request that detects a human hand pose.},
  howpublished = {\url{https://developer.apple.com/documentation/vision/vndetecthumanhandposerequest}},
  note = {Accessed: 2021-04-18}
}

@misc{wwdchandpose,
  title = {Detect Body and Hand Pose with Vision WWDC 2020.},
  howpublished = {\url{https://developer.apple.com/videos/play/wwdc2020/10653/}},
  note = {Accessed: 2021-04-18}
}

@misc{tensorflow,
  title = {TensorFlow es una plataforma de código abierto de extremo a extremo para el aprendizaje automático.},
  howpublished = {\url{https://www.tensorflow.org/}},
  note = {Accessed: 2021-04-18}
}

@misc{keras,
  title = {Deep learning for humans.},
  howpublished = {\url{https://keras.io/}},
  note = {Accessed: 2021-04-18}
}

@misc{cleanswift,
  title = {Clean Swift Arquitecture.},
  howpublished = {\url{https://clean-swift.com/}},
  note = {Accessed: 2021-04-18}
}

@misc{demo1,
  title = {Demo 1.},
  howpublished = {\url{https://drive.google.com/file/d/1KkUIqCf3Tt-9WOQSwpXr-TYVpAd1zbjk/view?usp=sharing}},
  note = {Accessed: 2021-04-18}
}

@misc{demo1env,
  title = {Demo 1 entorno.},
  howpublished = {\url{https://drive.google.com/file/d/1nNVTbPlbGVKG3owX-LqEt87ZXOHElRya/view?usp=sharing}},
  note = {Accessed: 2021-04-18}
}

@misc{demoword,
  title = {Demo detect words.},
  howpublished = {\url{https://drive.google.com/file/d/1WvnkZU0em1m8L8WMGAa5OwkNgFxIsxPM/view?usp=sharing}},
  note = {Accessed: 2021-04-18}
}

@misc{demo2,
  title = {Demo 2.},
  howpublished = {\url{https://drive.google.com/file/d/1PGQKLLEMsoQ2uyCajkaIyhuaiSK2gvv_/view?usp=sharing}},
  note = {Accessed: 2021-04-18}
}

@misc{demo1original,
  title = {Demo 1 Original.},
  howpublished = {\url{https://www.youtube.com/watch?v=u3HoC9_ir3s}},
  note = {Accessed: 2021-04-18}
}

@misc{demo2original,
  title = {Demo 2 Original.},
  howpublished = {\url{https://www.youtube.com/watch?v=jEB45Z6xlAg&t=8s}},
  note = {Accessed: 2021-04-18}
}

@misc{anaconda,
  title = {Anaconda.},
  howpublished = {\url{https://www.anaconda.com/}},
  note = {Accessed: 2021-04-18}
}

@misc{jupyter,
  title = {Jupyter.},
  howpublished = {\url{https://jupyter.org/}},
  note = {Accessed: 2021-04-18}
}

